 @misc{bucci, title={Project Handbook}, author={Bucci, Davide}, date={2020}} 
 @article{Bucci-2020,
author={Bucci, Davide},
title={Electronics for measuring systems},
journaltitle={Phelma course handouts},
date={2020},
}
@article{LeBerre-2016,
author={Le Berre, Noël},
title={Cours de mécanique},
journaltitle={Polycopié du module M 2-3-1},
date={2016},
}

@article{HottingerBaldwinMesstechnikGmbH,
author={Hottinger Baldwin Messtechnik GmbH},
title={DF2S-3/1KG},
journaltitle={Load cell datasheet},
}
@article{MaximIntegrated-2015,
author={Maxim Integrated},
title={MAX4194 },
journaltitle={Micropower, Single-Supply, Rail-to-Rail, Precision Instrumentation Amplifier datasheet},
date={2015},

}
@article{Matworks-2022,
author={Matworks},
title={BeagleBone Black I2C Interface},
journaltitle={Inter-Integrated Circuit (I2C) },
date={2022},
}

@article{CedricKillian-2020,
author={Cédric Killian},
title={Polycopié du module Module M 2-2-2 DUT Mesures-Physiques},
journaltitle={ Informatique d’Instrumentation I},
date={2020},
}

@book{book,
author = {Guermat, Noubeil},
year = {2016},
month = {03},
pages = {},
title = {Electronique des impulsions}
}